3102 5059
527 291 608 352 38
956 305 1186 350 ARKIV
1229 290 1370 350 rba
1413 303 1760 351 BOTANIK.
1852 305 2051 351 ΒΑΜ)
2098 291 2161 352 4.
2252 306 2376 352 Νεο
2421 293 2477 354 1.

525 454 904 538 exemplars
970 474 1110 519 von
1173 454 1260 517 D.
1317 455 1775 532 laticesmtwm,
1848 454 1973 519 das
2037 455 2149 520 ioh
2204 455 2433 522 Herrn
2486 457 2607 522 Dr.
2654 457 2951 524 CARDOT

525 555 894 632 verdanke,
964 553 1142 618 habe
1193 554 1306 619 ich
1348 555 1530 619 mich
1576 555 2001 639 iiberzeugen
2042 556 2341 634 kiinnem
2388 557 2549 622 dass
2592 559 2679 622 D.
2726 559 2951 624 Iatino-

526 665 769 721 statum
811 655 955 720 und
998 655 1086 719 D.
1133 655 1575 736 cirrhisolium
1619 656 1828 741 viillig
1869 656 2211 721 identiseh
2252 657 2430 723 sind.

691 755 866 820 Weil
929 757 1040 822 die
1105 777 1245 821 von
1309 755 1414 820 W.
1471 755 1547 820 P.
1606 755 1983 821 SOHJMPEB.
2045 757 2147 821 als
2206 757 2294 821 D.
2341 757 2784 839 cirrhifolium
2836 760 2951 826 be·

524 864 786 922 nannte
849 857 1130 923 Pflanze
1194 857 1374 923 noch
1438 857 1635 923 nieht
1703 856 2145 923 besohrieben
2210 879 2369 935 war,
2439 859 2539 924 als
2592 860 2719 924 das
2772 861 2953 927 oben

525 965 872 1042 genannte
926 958 1134 1024 Werk
1178 981 1318 1024 von
1361 959 1658 1024 CARDo'r
1702 958 2029 1035 erschien,
2075 981 2262 1024 muss
2306 960 2429 1025 der
2472 980 2610 1025 von
2655 959 2952 1028 CARDo'r

522 1058 864 1143 gegebene
905 1058 1127 1125 Name
1169 1060 1255 1124 D.
1303 1061 1742 1137 latice-statum
1785 1059 1919 1124 den
1962 1060 2263 1125 Vortritt
2307 1060 2555 1126 haben.

690 1212 1064 1276 Dicranum
1103 1211 1605 1276 dioranellatum
1649 1213 1829 1276 Dus.

694 1327 950 1392 Prine.
1000 1329 1192 1413 Exp.
1239 1328 1516 1412 Patag.
1568 1349 1633 1412 p.
1684 1333 1784 1404 74,
1834 1328 1977 1393 tab.
2025 1327 2221 1404 VIII,
2270 1328 2386 1414 fig.
2436 1334 2621 1394 2—3.

693 1444 877 1510 Hab.
967 1446 1267 1528 Fuegia
1331 1445 1722 1512 australis
1788 1447 1967 1510 inter
2030 1445 2293 1510 flumen
2358 1447 2492 1512 Rio
2546 1447 2825 1513 Grande
2880 1455 2953 1513 et

525 1545 751 1611 laeum
794 1546 870 1610 L.
917 1547 1247 1630 Fagnano
1289 1548 1362 1610 in
1405 1545 1601 1624 silva,
1650 1546 1770 1611 ubi
1814 1547 2107 1630 speciem
2150 1545 2492 1612 fructibus
2535 1549 2832 1612 vetustis
2878 1557 2955 1614 et

524 1646 863 1712 fructibus
906 1647 1345 1729 juvenalibus
1387 1669 1621 1712 mense
1649 1647 1984 1712 «Ianuario
2016 1647 2179 1731 legit
2211 1648 2289 1713 Ο.
2322 1648 2952 1716 NORDENSKJiiLD.

692 1764 1142 1848 Patagonia
1186 1764 1725 1830 occidentalis
1769 1766 1840 1829 in
1885 1764 2064 1829 valle
2107 1765 2453 1849 superiore
2484 1765 2790 1831 fluminis
2816 1767 2954 1833 Rio

523 1861 755 1947 Aysen
799 1865 869 1927 in
915 1865 1175 1928 truncis
1220 1865 1562 1929 arborum.

1150 2081 1443 2166 Subgen.
1493 2093 2018 2149 Leiodicranum
2064 2081 2323 2146 LIMPR.

691 2234 1065 2298 Dieranum
1107 2235 1542 2316 leucopterum
1593 2235 1664 2299 C.
1711 2234 1933 2300 MULL.

693 2349 876 2415 Hab.
965 2351 1264 2434 Fuegia
1308 2352 1733 2416 orientalis
1776 2351 1868 2416 ad
1910 2350 2171 2417 flumen
2200 2350 2335 2415 Rio
2368 2350 2640 2416 Condor
2666 2351 2955 2417 interra

527 2452 922 2537 subaperta,
993 2451 1114 2516 ubi
1179 2453 1475 2537 speeiem
1539 2451 1881 2517 fructibus
1939 2453 2229 2516 maturis
2282 2451 2671 2536 praeditam
2713 2472 2956 2518 mense

528 2553 903 2619 Februario
946 2552 1098 2637 legi.

692 2672 992 2755 Fuegia
1055 2670 1444 2737 australis
1508 2669 1600 2734 ad
1664 2668 1975 2736 Ushuaia
2038 2672 2113 2735 in
2164 2677 2348 2734 terra
2401 2678 2647 2755 aperta
2688 2671 2954 2736 subhu-

523 2773 730 2851 mida,
806 2772 928 2837 ubi
992 2772 1304 2857 plantam
1373 2773 1641 2837 fruetus
1708 2779 2139 2856 permaturos
2202 2772 2651 2856 praebentem
2717 2791 2955 2837 mense

523 2874 712 2959 Maio
756 2873 905 2959 legi.

691 3027 1064 3093 Dicranum
1105 3026 1473 3109 laniqmmm
1516 3023 1589 3089 C.
1636 3026 1858 3091 th..

693 3142 877 3208 Hab.
965 3143 1268 3228 Fuegia
1310 3142 1704 3207 australis
1748 3143 1819 3206 in
1865 3141 2043 3207 valle
2085 3141 2391 3206 fluminis
2420 3140 2555 3204 Rio
2585 3139 2953 3225 Azopardo

523 3250 597 3311 et
639 3244 732 3308 ad
773 3250 1030 3309 terram
1073 3250 1145 3308 et
1188 3243 1280 3309 ad
1323 3251 1606 3308 truncos
1651 3242 1995 3308 arborum,

692 3362 1144 3445 Patagonia
1188 3359 1725 3426 occidentalis
1768 3361 1843 3425 in
1885 3359 2065 3425 valle
2108 3360 2455 3444 superiore
2486 3358 2791 3424 fluminis
2815 3358 2952 3424 Rio

526 3462 760 3546 Aysen
801 3462 872 3525 in
917 3463 1178 3527 truncis
1221 3460 1517 3546 putridis
1562 3462 1633 3525 in
1676 3460 1799 3525 alt.
1848 3482 1905 3525 e.
1955 3466 2077 3526 800
2122 3480 2191 3525 m
2235 3482 2287 3525 s.
2336 3481 2426 3525 m.

691 3578 912 3644 Chile
977 3577 1394 3655 australiS,
1461 3577 1835 3643 Oordillera
1897 3577 1984 3642 de
2043 3578 2111 3642 la
2169 3577 2379 3643 Costa
2445 3596 2656 3661 supra
2725 3576 2953 3662 Angol

524 3680 858 3764 oppidum
929 3679 1020 3744 ad
1085 3687 1365 3744 truncos
1429 3678 1844 3744 Araucariae
1909 3678 2309 3744 imbricatae
2374 3684 2445 3742 et
2510 3678 2602 3743 ad
2668 3684 2951 3742 truncos

525 3786 996 3865 putrescentes
1038 3782 1112 3845 in
1155 3779 1276 3845 alt.
1325 3802 1383 3845 e.
1439 3784 1851 3845 1000—1125
1896 3800 1965 3844 m
2008 3802 2061 3844 s.
2110 3798 2201 3843 m.

690 3932 1064 3997 moranum
1103 3931 1510 4015 aciphyllum
1554 3914 1797 3995 Hook.
1845 3930 1942 3995 fn.
1989 3938 2062 3995 et
2102 3930 2321 3995 was.

692 4047 874 4114 Hab.
964 4048 1157 4112 Pars
1202 4048 1737 4114 occidentalis
1783 4048 2108 4112 territorii
2150 4047 2579 4132 magellanici
2620 4046 2695 4113 in
2724 4046 2950 4112 insula

522 4146 931 4214 Desolaeion
973 4149 1066 4214 ad
1109 4148 1365 4213 Puerto
1408 4148 1721 4233 Angosto
1762 4148 1836 4213 in
1878 4149 2141 4213 truncis
2184 4146 2482 4232 putridis
2526 4148 2864 4231 saxisque.
