3102 5059
294 319 349 366 P.
396 303 666 378 Dusim,
715 319 1130 367 BRYOLoom
1177 319 1325 364 mm
1367 307 2108 366 MAGELLANSLKNDER
2151 319 2306 366 Ero.
2413 320 2418 328 ·
2467 305 2506 367 3

829 585 997 651 Gen.
1044 587 1485 654 Ditriohum
1527 586 1749 651 ΤΙΜΜ.

750 754 1045 840 Subgen.
1096 767 1556 820 Asehistodon
1599 750 1838 821 Mom.

252 925 626 990 Ditrichum
668 927 969 991 conicum
1020 925 1315 1006 (MONT.)
1360 925 1535 990 PAR.

252 1042 425 1107 Hab.
517 1041 743 1108 Chile
807 1043 1195 1108 australis
1269 1043 1360 1107 ad
1425 1043 1683 1108 Puerto
1747 1043 1977 1108 Montt
2046 1044 2378 1127 oppidum
2438 1045 2510 1108 in

77 1179 79 1228 5
124 1149 267 1206 terra
324 1142 764 1220 subhumida,
820 1165 1153 1219 muscosa,
1216 1143 1338 1209 ubi
1388 1143 1704 1227 plantam
1755 1143 2151 1222 masculam,
2200 1144 2541 1210 caulibus-

120 1243 472 1308 densissime
518 1245 867 1321 confertis,
916 1247 1250 1328 caespites
1293 1246 1628 1308 maximos
1673 1243 2087 1309 formantem
2131 1247 2384 1310 inveni.

254 1361 700 1444 Patagonia
732 1362 1266 1427 occidentalis
1296 1363 1366 1426 in
1396 1362 1576 1427 valle
1605 1361 1910 1427 fluminis
1939 1361 2170 1446 Aysen
2200 1364 2272 1426 in
2300 1370 2504 1428 terra.

253 1545 627 1610 Ditrichum
668 1547 1017 1630 hyalinum
1062 1547 1328 1626 (ΜΙΤΤ.)
1374 1547 1548 1611 PAR.

253 1662 426 1727 Hab.
520 1661 822 1747 Fuegia
887 1663 1313 1729 orientalis
1378 1684 1592 1748 prope
1646 1664 1780 1729 Rio
1833 1663 2108 1731 Grande
2151 1666 2222 1729 in
2266 1685 2540 1770 eampo⁸

126 1761 195 1825 ad
224 1771 463 1827 terram
508 1764 1016 1828 subhumidam.

252 1947 623 2012 Ditrichum
665 1948 739 2011 H
740 1949 957 2013 ookeri
1002 1949 1103 2028 (O.
1150 1949 1412 2029 MULL.)
1456 1949 1641 2014 HPE.

77 2145 79 2160 Ι
254 2065 427 2130 Hab.
520 2065 715 2130 Pars
778 2065 1312 2130 occidentalis
1376 2067 1700 2132 territorii
1753 2067 2179 2151 magellaniei
2231 2068 2324 2132 ad
2377 2067 2511 2132 Pu-

77 2161 79 2168 *
122 2172 238 2228 erto
276 2167 582 2249 Angosto
625 2167 695 2230 in
740 2167 922 2230 saxis
965 2165 1387 2250 rupibusque
1429 2166 1703 2251 pluribi.

256 2283 701 2366 Patagonia
730 2283 1269 2348 occidentalis
1298 2284 1369 2348 in
1401 2283 1580 2348 valle
1610 2283 1913 2349 fluminis
1941 2285 2172 2369 Aysen
2202 2287 2274 2352 in
2302 2291 2507 2352 terra.

256 2467 625 2533 Ditriohum
668 2469 1057 2551 lonyisetum
1108 2468 1339 2549 (Lon.)
1384 2468 1570 2533 HPE.

256 2585 430 2651 Hab.
520 2586 971 2669 Patagonia
1016 2586 1551 2651 occidentalis
1595 2588 1665 2651 in
1710 2587 1891 2653 valle
1933 2587 2237 2652 fluminis
2280 2589 2511 2672 Aysen

122 2704 177 2748 m
213 2706 396 2751 sams,

256 2804 693 2889 Argentina
745 2805 836 2869 ad
879 2792 1138 2870 Puersso
1182 2805 1375 2869 Blest
1418 2814 1698 2890 portum
1741 2807 1813 2870 in
1858 2806 2058 2871 litore
2101 2806 2510 2873 occidentali

124 2899 275 2967 lacus
311 2904 796 2989 Nahuelhuapi
839 2907 1069 2981 situm,
1117 2907 1189 2969 in
1233 2908 1494 2971 truncis
1540 2906 1884 2971 arborum.

260 3022 475 3087 Dense
556 3024 1036 3106 caespitosum,
1122 3044 1413 3107 superne
1498 3044 1782 3088 amoene
1864 3025 2507 3101 aureo-brunneum,

125 3121 617 3201 sericeo—nitens3
664 3124 830 3188 folia
874 3126 947 3188 in
988 3125 1183 3207 apice
1227 3124 1836 3201 serrato-dentata,
1886 3124 2211 3189 dentibus
2242 3126 2507 3208 paucis3

122 3228 245 3286 seta
279 3225 559 3305 graeiliS,
608 3245 826 3308 usque
869 3226 959 3290 ad
1008 3232 1047 3288 4
1092 3245 1201 3289 cm
1244 3225 1416 3303 alta3
1465 3225 1748 3308 capsula
1793 3233 2084 3309 anguste
2113 3224 2505 3311 cylindrioa.

258 3406 625 3475 Ditrichum
668 3410 1035 3491 elonqatum
1081 3408 1351 3489 (HOOK.
1399 3409 1495 3474 fil.
1544 3416 1616 3474 et
1659 3410 1908 3490 WILS.)
1952 3410 2159 3475 ΜΙΤΤ.

260 3524 430 3591 Hah.
520 3527 966 3611 Argentina
1040 3527 1131 3591 ad
1205 3526 1467 3591 declive
1540 3527 1967 3591 occidentale
2028 3528 2286 3593 montis
2350 3528 2508 3593 Cor-

77 3608 79 3611 *
132 3618 319 3689 dillera
380 3627 465 3693 de
530 3628 633 3692 los
696 3627 929 3692 Andes
1004 3630 1087 3707 (o.
1137 3624 1258 3691 390
1284 3626 1383 3692 30¹
1427 3628 1549 3693 lat.
1598 3627 1913 3709 austral.)
1970 3630 2041 3691 in
2094 3635 2277 3693 terra
2330 3629 2510 3693 sicea

132 3720 423 3793 silvarum.
514 3727 674 3811 Leg.
722 3728 797 3792 F.
844 3728 1127 3793 anmz.

712 3946 1007 4031 Subgen.
1056 3958 1527 4013 Euditrichum
1582 3948 1857 4012 BROTH.

256 4080 621 4147 Ditrichum
660 4080 876 4161 affine
921 4081 1019 4162 (O.
1068 4082 1328 4163 MULL.)
1374 4082 1558 4146 ΗΡΕ.

256 4196 427 4263 Hab.
518 4198 739 4264 Chile
803 4199 1191 4264 australis
1255 4198 1347 4263 ad
1410 4200 1840 4284 Gonoepoion
1903 4198 2143 4263 urbem
2195 4199 2266 4261 in
2318 4202 2502 4261 terra

122 4309 165 4353 e.
202 4294 272 4359 ir.
314 4296 807 4383 deoperoulatis
853 4301 971 4379 (m.
1021 4298 1464 4383 Septembri);
1512 4299 1606 4363 ad
1648 4298 1879 4364 Corral
1908 4304 2187 4382 portum
2214 4298 2288 4361 in
2316 4302 2502 4361 terra

124 4394 783 4477 argillaoeo-sabulosa
828 4419 883 4463 e.
933 4399 1014 4463 fr.
1062 4400 1353 4465 maturis
1405 4400 1519 4479 (m.
1567 4399 1999 4477 Novembri).
